<record><leader>00000cas a22000007a 4500</leader><controlfield tag="001">24529734</controlfield><controlfield tag="008">911010d18941895ncuwr ne      0    0eng d</controlfield><datafield ind1=" " ind2=" " tag="010"><subfield code="a">sn 91068379 </subfield></datafield><datafield ind1=" " ind2=" " tag="040"><subfield code="a">NVJ</subfield><subfield code="b">eng</subfield><subfield code="c">NVJ</subfield><subfield code="d">OCLCQ</subfield></datafield><datafield ind1=" " ind2=" " tag="042"><subfield code="a">msc</subfield></datafield><datafield ind1="0" ind2="4" tag="245"><subfield code="a">The Greenville index.</subfield></datafield><datafield ind1=" " ind2=" " tag="260"><subfield code="a">Greenville, N.C. :</subfield><subfield code="b">Andrew Joyner</subfield></datafield><datafield ind1=" " ind2=" " tag="300"><subfield code="a">v.</subfield></datafield><datafield ind1=" " ind2=" " tag="310"><subfield code="a">Weekly</subfield></datafield><datafield ind1="0" ind2=" " tag="362"><subfield code="a">Vol. 1, no. 1 (Feb. 23, 1894)-</subfield></datafield><datafield ind1="1" ind2=" " tag="362"><subfield code="a">Ceased in 1895.</subfield></datafield><datafield ind1=" " ind2=" " tag="752"><subfield code="a">United States</subfield><subfield code="b">North Carolina</subfield><subfield code="c">Pitt</subfield><subfield code="d">Greenville.</subfield></datafield><datafield ind1="0" ind2="0" tag="785"><subfield code="t">King's weekly (Greenville, N.C. : 1895)</subfield><subfield code="w">(DLC)sn 91068380</subfield></datafield></record>